@article{kornblum2006identifying,
  title={Identifying almost identical files using context triggered piecewise hashing},
  author={Kornblum, Jesse},
  journal={Digital investigation},
  volume={3},
  pages={91--97},
  year={2006},
  publisher={Elsevier}
}
@inproceedings{norvill2017automated,
  title={Automated labeling of unknown contracts in ethereum},
  author={Norvill, Robert and Pontiveros, Beltran Borja Fiz and State, Radu and Awan, Irfan and Cullen, Andrea},
  booktitle={2017 26th International Conference on Computer Communication and Networks (ICCCN)},
  pages={1--6},
  year={2017},
  organization={IEEE}
}
@inproceedings{namanya2016detection,
  title={Detection of malicious portable executables using evidence combinational theory with fuzzy hashing},
  author={Namanya, Anitta Patience and Mirza, Qublai Khan Ali and Al-Mohannadi, Hamad and Awan, Irfan U and Disso, Jules Ferdinand Pagna},
  booktitle={2016 IEEE 4th International Conference on Future Internet of Things and Cloud (FiCloud)},
  pages={91--98},
  year={2016},
  organization={IEEE}
}
@inproceedings{sung2004static,
  title={Static analyzer of vicious executables (save)},
  author={Sung, Andrew H and Xu, Jianyun and Chavez, Patrick and Mukkamala, Srinivas},
  booktitle={20th Annual Computer Security Applications Conference},
  pages={326--334},
  year={2004},
  organization={IEEE}
}